%% Journal article
@article{bib1,
  author		= "Campbell, S. L. and Gear, C. W.",
  title			= "The index of general nonlinear {D}{A}{E}{S}",
  journal		= "Numer. {M}ath.",
  volume		= "72",
  number		= "2",
  pages			= "173--196",
  year			= "1995"
}

%% Journal article with DOI
@article{bib2,
  author		= "Slifka, M. K. and Whitton, J. L.",
  title			= "Clinical implications of dysregulated cytokine production",
  journal		= "J. {M}ol. {M}ed.",
  volume		= "78",
  pages			= "74--80",
  year			= "2000",
  doi			= "10.1007/s001090000086"
}

%% Journal article
@article{bib3,
  author		= "Hamburger, C.",
  title			= "Quasimonotonicity, regularity and duality for nonlinear systems of 
					partial differential equations",
  journal		= "Ann. Mat. Pura. Appl.",
  volume		= "169",
  number		= "2",
  pages			= "321--354",
  year			= "1995"
}

%% book, authored
@book{bib4,
  author		= "Geddes, K. O. and Czapor, S. R. and Labahn, G.",
  title			= "Algorithms for {C}omputer {A}lgebra",
  address		= "Boston",
  publisher		= "Kluwer",
  year			= "1992"
}

%% Item 8. Book, chapter
@incollection{bib5,
  author		= "Broy, M.",
  title			= "Software engineering---from auxiliary to key technologies",
  editor		= "Broy, M. and Denert, E.",
  booktitle		= "Software Pioneers",
  pages			= "10--13",
  address		= "New {Y}ork",
  publisher		= "Springer",
  year			= "1992"
}

%% Book, edited
@book{bib6,
  editor		= "Seymour, R. S.",
  title			= "Conductive {P}olymers",
  address		= "New {Y}ork",
  publisher		= "Plenum",
  year			= "1981"
}

%% Chapter in a book in a series with volume titles
@inproceedings{bib7,
  author		= "Smith, S. E.",
  title			= "Neuromuscular blocking drugs in man",
  editor		= "Zaimis, E.",
  volume		= "42",
  booktitle		= "Neuromuscular junction. {H}andbook of experimental pharmacology",
  pages			= "593--660",
  address		= "Heidelberg",
  publisher		= "Springer",
  year			= "1976"
}

%% Paper presented at a conference
@misc{bib8,
  author		= "Chung, S. T. and Morris, R. L.",
  title			= "Isolation and characterization of plasmid deoxyribonucleic acid from 
					Streptomyces fradiae",
  year			= "1978",
  note			= "Paper presented at the 3rd international symposium on the genetics 
					of industrial microorganisms, University of {W}isconsin, {M}adison, 
					4--9 June 1978"
}

%% Data citation example
@misc{bib9,
  author		= "Hao, Z. and AghaKouchak, A. and Nakhjiri, N. and Farahmand, A.",
  title			= "Global integrated drought monitoring and prediction system (GIDMaPS) data sets", 
  year			= "2014",
  note			= "figshare \url{https://doi.org/10.6084/m9.figshare.853801}"
}

%% Preprint citation example
@misc{bib10, 
  author		= "Babichev, S. A. and Ries, J. and Lvovsky, A. I.",
  title			= "Quantum scissors: teleportation of single-mode optical states by means 
					of a nonlocal single photon", 
  year			= "2002",
  note			= "Preprint at \url{https://arxiv.org/abs/quant-ph/0208066v1}"
}

@article{bib11,
  author		= "Beneke, M. and Buchalla, G. and Dunietz, I.",
  title			= "Mixing induced {CP} asymmetries in inclusive {B} decays",
  journal		= "Phys. {L}ett.",
  volume		= "B393",
  year			= "1997",
  pages			= "132-142",
  archivePrefix		= "arXiv",
  eprint		= "0707.3168",
  primaryClass		= "gr-gc"
}

@softmisc{bib12,
  author		= "Stahl, B.",
  title			= "deep{SIP}: deep learning of {S}upernova {I}a {P}arameters",
  version		= "0.42",
  keywords		= "Software",
  howpublished		= "Astrophysics {S}ource {C}ode {L}ibrary",
  year			= "2020",
  month			= "Jun",
  eid			= "ascl:2006.023",
  pages			= "ascl:2006.023",
  archivePrefix		= "ascl",
  eprint		= "2006.023",
  adsurl		= "{https://ui.adsabs.harvard.edu/abs/2020ascl.soft06023S}",
  adsnote		= "Provided by the SAO/NASA Astrophysics Data System"
}

@article{bib13,
  author = "Abbott, T. M. C. and others",
  collaboration = "DES",
  title = "{Dark Energy Survey Year 1 Results: Constraints on Extended Cosmological Models from Galaxy Clustering and Weak Lensing}",
  eprint = "1810.02499",
  archivePrefix = "arXiv",
  primaryClass = "astro-ph.CO",
  reportNumber = "FERMILAB-PUB-18-507-PPD",
  doi = "10.1103/PhysRevD.99.123505",
  journal = "Phys. Rev. D",
  volume = "99",
  number = "12",
  pages = "123505",
  year = "2019"
}

%%============================================================================%%
%% while using chicago reference style, both abbreviated and expanded form of %%
%% author name format is acceptable. Refer below example for expanded form    %%
%%============================================================================%%

%%  author		= "{Cameron, Deborah}", - single author
%%  author		= "{Saito, Yukio} and {Hyuga, Hiroyuki}", - double author 

%%======================================%%
%% Example for author names with suffix %%
%%======================================%%

%%  author		= "{Price, R. A. Jr} and {Curry, N. {III}} and McCann, K. E. and 
%%					Fielding, J. L. and {Abercrombie, E. Jr}",

@software{cdflib,
       author = {{Stansby}, David and {Harter}, Bryan and {SDC}, MAVEN and {Scivision} and {Van Kemenade}, Hugo and {Burrell}, Angeline and {Smith}, Jonathon and {Weiss}, Andreas J. and {Ireland}, Jack and {Jeandet}, Alexis and {Terasa}, Jan Christoph and {Lim}, P.~L. and {Supervised} and {Htyeim} and {Barnum}, Julie and {Antunes}, Sandy},
        title = "{MAVENSDC/cdflib:}",
         year = 2022,
        month = aug,
          eid = {10.5281/zenodo.7011489},
          doi = {10.5281/zenodo.7011489},
      version = {0.4.7},
    publisher = {Zenodo},
       adsurl = {https://ui.adsabs.harvard.edu/abs/2022zndo...7011489S},
      adsnote = {Provided by the SAO/NASA Astrophysics Data System}
}

@INPROCEEDINGS{2023dash.confE..22R,
       author = {{Robbertz}, Andrew and {Rager}, Amy C. and {Barrous-Dume}, Damian and {Skeberdis}, Daniel and {Christe}, Steven and {Kreisler}, Steve and {Mercer}, Tony and {Paterson}, William R.},
        title = "{The Architecture and Functionality of HERMES Core and Instrument Python Packages}",
     keywords = {Zenodo community dash2023},
    booktitle = {Data, Analysis and Software in Heliophysics (DASH) 2023},
         year = 2023,
        month = oct,
          eid = {22},
        pages = {22},
          doi = {10.5281/zenodo.8400671},
       adsurl = {https://ui.adsabs.harvard.edu/abs/2023dash.confE..22R},
      adsnote = {Provided by the SAO/NASA Astrophysics Data System}
}

@INPROCEEDINGS{2023dash.confE..22R,
       author = {{Robbertz}, Andrew and {Rager}, Amy C. and {Barrous-Dume}, Damian and {Skeberdis}, Daniel and {Christe}, Steven and {Kreisler}, Steve and {Mercer}, Tony and {Paterson}, William R.},
        title = "{The Architecture and Functionality of HERMES Core and Instrument Python Packages}",
     keywords = {Zenodo community dash2023},
    booktitle = {Data, Analysis and Software in Heliophysics (DASH) 2023},
         year = 2023,
        month = oct,
          eid = {22},
        pages = {22},
          doi = {10.5281/zenodo.8400671},
       adsurl = {https://ui.adsabs.harvard.edu/abs/2023dash.confE..22R},
      adsnote = {Provided by the SAO/NASA Astrophysics Data System}
}


@article{solarnet,
  doi = {10.5281/ZENODO.5719255},
  url = {https://zenodo.org/record/5719255},
  author = {Haugan, Stein Vidar Hagfors and Fredvik, Terje},
  keywords = {Metadata, Solar observations},
  language = {en},
  title = {SOLARNET Metadata Recommendations for Solar Observations},
  publisher = {Zenodo},
  year = {2021},
  copyright = {Creative Commons Attribution 4.0 International}
}

@INPROCEEDINGS{2023BAAS...55c.308P,
       author = {{Pankratz}, Christopher and {Strang}, Jake and {Niehof}, Jonathan T. and {Antunes}, Alex and {Vandegriff}, Jonathan and {Sandoval}, Laura and {Harter}, Bryan and {Mukherjee}, Joey and {Rager}, Amy and {Walsh}, Brian},
        title = "{Collaborative and Open-Source Science Data Systems}",
    booktitle = {Bulletin of the American Astronomical Society},
         year = 2023,
       volume = {55},
        month = jul,
          eid = {308},
        pages = {308},
          doi = {10.3847/25c2cfeb.1c21b704},
       adsurl = {https://ui.adsabs.harvard.edu/abs/2023BAAS...55c.308P},
      adsnote = {Provided by the SAO/NASA Astrophysics Data System}
}



@misc{bryan_harter_2023_8412932,
  author       = {Bryan Harter and
                  Greg Lucas and
                  Gavin Medley and
                  Kristopher Larsen and
                  Laura Sandoval and
                  Sean Hoyt and
                  Steven Mueller and
                  Julie Barnum and
                  Kim Kokkonen and
                  Miguel Ochoa and
                  Tenzin Choedon and
                  Tracey Morland and
                  Maxine Hartnett and
                  Heather Cronk and
                  Brian McClellan},
  title        = {{Transitioning to the Cloud: Insights from the 
                   Emirate Mars Mission Science Data System}},
  month        = oct,
  year         = 2023,
  publisher    = {Zenodo},
  doi          = {10.5281/zenodo.8412932},
  url          = {https://doi.org/10.5281/zenodo.8412932}
}

@ARTICLE{emirates_mission,
       author = {{Amiri}, H.~E.~S. and {Brain}, D. and {Sharaf}, O. and {Withnell}, P. and {McGrath}, M. and {Alloghani}, M. and {Al Awadhi}, M. and {Al Dhafri}, S. and {Al Hamadi}, O. and {Al Matroushi}, H. and {Al Shamsi}, Z. and {Al Shehhi}, O. and {Chaffin}, M. and {Deighan}, J. and {Edwards}, C. and {Ferrington}, N. and {Harter}, B. and {Holsclaw}, G. and {Kelly}, M. and {Kubitschek}, D. and {Landin}, B. and {Lillis}, R. and {Packard}, M. and {Parker}, J. and {Pilinski}, E. and {Pramman}, B. and {Reed}, H. and {Ryan}, S. and {Sanders}, C. and {Smith}, M. and {Tomso}, C. and {Wrigley}, R. and {Al Mazmi}, H. and {Al Mheiri}, N. and {Al Shamsi}, M. and {Al Tunaiji}, E. and {Badri}, K. and {Christensen}, P. and {England}, S. and {Fillingim}, M. and {Forget}, F. and {Jain}, S. and {Jakosky}, B.~M. and {Jones}, A. and {Lootah}, F. and {Luhmann}, J.~G. and {Osterloo}, M. and {Wolff}, M. and {Yousuf}, M.},
        title = "{The Emirates Mars Mission}",
      journal = {\ssr},
     keywords = {Mars, Atmosphere, EMM, Hope},
         year = 2022,
        month = feb,
       volume = {218},
       number = {1},
          eid = {4},
        pages = {4},
          doi = {10.1007/s11214-021-00868-x},
       adsurl = {https://ui.adsabs.harvard.edu/abs/2022SSRv..218....4A},
      adsnote = {Provided by the SAO/NASA Astrophysics Data System}
}

@misc{damian_barrous_dume_2023_8408028,
  author       = {Damian Barrous-Dume and
                  Amy Catherine Rager and
                  Andrew Robbertz and
                  Daniel Skeberdis and
                  Steven Christe and
                  Steve Kreisler and
                  Tony Mercer and
                  William R Paterson},
  title        = {{Open Science in Action: SWxSOC's Role in 
                   Accelerating Data Release and Cloud Processing for
                   Heliophysics Missions}},
  month        = oct,
  year         = 2023,
  publisher    = {Zenodo},
  doi          = {10.5281/zenodo.8408028},
  url          = {https://doi.org/10.5281/zenodo.8408028}
}

@misc{robbertz_2023_8400671,
  author       = {Robbertz, Andrew and
                  Rager, Amy C. and
                  Barrous-Dume, Damian and
                  Skeberdis, Daniel and
                  Christe, Steven and
                  Kreisler, Steve and
                  Mercer, Tony and
                  Paterson, William R.},
  title        = {{The Architecture and Functionality of HERMES Core 
                   and Instrument Python Packages}},
  month        = oct,
  year         = 2023,
  publisher    = {Zenodo},
  doi          = {10.5281/zenodo.8400671},
  url          = {https://doi.org/10.5281/zenodo.8400671}
}